%% This BibTeX bibliography file was created using BibDesk.
%% http://bibdesk.sourceforge.net/


%% Created for Wolfgang Kerzendorf at 2013-08-13 18:01:42 -0400 


%% Saved with string encoding Unicode (UTF-8) 



@article{2012ApJ...756....6P,
	Adsnote = {Provided by the SAO/NASA Astrophysics Data System},
	Adsurl = {http://adsabs.harvard.edu/abs/2012ApJ...756....6P},
	Archiveprefix = {arXiv},
	Author = {{Patnaude}, D.~J. and {Badenes}, C. and {Park}, S. and {Laming}, J.~M.},
	Date-Added = {2013-08-13 22:01:41 +0000},
	Date-Modified = {2013-08-13 22:01:41 +0000},
	Doi = {10.1088/0004-637X/756/1/6},
	Eid = {6},
	Eprint = {1206.6799},
	Journal = {\apj},
	Keywords = {hydrodynamics, ISM: individual objects: SN 1604, ISM: supernova remnants, nuclear reactions, nucleosynthesis, abundances, supernovae: general, X-rays: ISM},
	Month = sep,
	Pages = {6},
	Primaryclass = {astro-ph.HE},
	Title = {{The Origin of Kepler's Supernova Remnant}},
	Volume = 756,
	Year = 2012,
	Bdsk-Url-1 = {http://dx.doi.org/10.1088/0004-637X/756/1/6}}

@article{1987ApJ...319..885B,
	Adsnote = {Provided by the SAO/NASA Astrophysics Data System},
	Adsurl = {http://adsabs.harvard.edu/abs/1987ApJ...319..885B},
	Author = {{Bandiera}, R.},
	Date-Added = {2013-08-13 22:00:55 +0000},
	Date-Modified = {2013-08-13 22:00:55 +0000},
	Doi = {10.1086/165505},
	Journal = {\apj},
	Keywords = {INTERSTELLAR MATTER, SHOCK WAVES, STELLAR ENVELOPES, STELLAR EVOLUTION, STELLAR MODELS, SUPERNOVA REMNANTS, BINARY STARS, PLASMA INTERACTIONS, PULSARS, STELLAR MASS EJECTION, STELLAR WINDS, WOLF-RAYET STARS},
	Month = aug,
	Pages = {885-892},
	Title = {{The origin of Kepler's supernova remnant}},
	Volume = 319,
	Year = 1987,
	Bdsk-Url-1 = {http://dx.doi.org/10.1086/165505}}

@article{2011ApJ...732..129R,
	Adsnote = {Provided by the SAO/NASA Astrophysics Data System},
	Adsurl = {http://adsabs.harvard.edu/abs/2011ApJ...732..129R},
	Author = {{Riess}, A.~G. and {Macri}, L. and {Casertano}, S. and {Lampeit}, H. and {Ferguson}, H.~C. and {Filippenko}, A.~V. and {Jha}, S.~W. and {Li}, W. and {Chornock}, R. and {Silverman}, J.~M.},
	Date-Added = {2013-06-10 21:33:59 +0000},
	Date-Modified = {2013-06-10 21:33:59 +0000},
	Doi = {10.1088/0004-637X/732/2/129},
	Eid = {129},
	Journal = {\apj},
	Month = may,
	Pages = {129},
	Title = {{Erratum: ''A 3\% Solution: Determination of the Hubble Constant with the Hubble Space Telescope and Wide Field Camera 3'' <A href=''/abs/2011ApJ...730..119R''>(2011, ApJ, 730, 119)</A>}},
	Volume = 732,
	Year = 2011,
	Bdsk-Url-1 = {http://dx.doi.org/10.1088/0004-637X/732/2/129}}

@article{2003astro.ph..3660P,
	Adsnote = {Provided by the SAO/NASA Astrophysics Data System},
	Adsurl = {http://adsabs.harvard.edu/abs/2003astro.ph..3660P},
	Author = {{Podsiadlowski}, P.},
	Date-Added = {2013-06-10 20:48:38 +0000},
	Date-Modified = {2013-06-10 20:48:38 +0000},
	Eprint = {arXiv:astro-ph/0303660},
	Journal = {ArXiv Astrophysics e-prints},
	Keywords = {Astrophysics},
	Month = mar,
	Title = {{On the Evolution and Appearance of a Surviving Companion after a Type Ia Supernova Explosion}},
	Year = 2003}

@article{1971SvA....14..798P,
	Adsnote = {Provided by the SAO/NASA Astrophysics Data System},
	Adsurl = {http://adsabs.harvard.edu/abs/1971SvA....14..798P},
	Author = {{Pskovskii}, Y.~P.},
	Date-Added = {2013-06-10 17:38:37 +0000},
	Date-Modified = {2013-06-10 17:38:37 +0000},
	Journal = {\sovast},
	Month = apr,
	Pages = {798},
	Title = {{Photometric Aspects of Type I Supernovae.}},
	Volume = 14,
	Year = 1971}

@article{2011MNRAS.417.1466K,
	Adsnote = {Provided by the SAO/NASA Astrophysics Data System},
	Adsurl = {http://adsabs.harvard.edu/abs/2011MNRAS.417.1466K},
	Archiveprefix = {arXiv},
	Author = {{Kashi}, A. and {Soker}, N.},
	Date-Added = {2013-05-31 19:52:46 +0000},
	Date-Modified = {2013-05-31 19:52:46 +0000},
	Doi = {10.1111/j.1365-2966.2011.19361.x},
	Eprint = {1105.5698},
	Journal = {\mnras},
	Keywords = {stars: AGB and post-AGB, binaries: close, supernovae: general, white dwarfs},
	Month = oct,
	Pages = {1466-1479},
	Primaryclass = {astro-ph.SR},
	Title = {{A circumbinary disc in the final stages of common envelope and the core-degenerate scenario for Type Ia supernovae}},
	Volume = 417,
	Year = 2011,
	Bdsk-Url-1 = {http://dx.doi.org/10.1111/j.1365-2966.2011.19361.x}}

@article{2013arXiv1305.0567W,
	Adsnote = {Provided by the SAO/NASA Astrophysics Data System},
	Adsurl = {http://adsabs.harvard.edu/abs/2013arXiv1305.0567W},
	Archiveprefix = {arXiv},
	Author = {{Williams}, B.~J. and {Borkowski}, K.~J. and {Ghavamian}, P. and {Hewitt}, J.~W. and {Alwin Mao}, S. and {Petre}, R. and {Reynolds}, S.~P. and {Blondin}, J.~M.},
	Date-Added = {2013-05-31 18:42:14 +0000},
	Date-Modified = {2013-05-31 18:42:14 +0000},
	Eprint = {1305.0567},
	Journal = {ArXiv e-prints},
	Keywords = {Astrophysics - High Energy Astrophysical Phenomena},
	Month = may,
	Primaryclass = {astro-ph.HE},
	Title = {{Azimuthal Density Variations Around the Rim of Tycho's Supernova Remnant}},
	Year = 2013}

@article{powell1964efficient,
	Author = {Powell, Michael JD},
	Date-Added = {2013-05-31 18:03:08 +0000},
	Date-Modified = {2013-05-31 18:03:08 +0000},
	Journal = {The computer journal},
	Number = {2},
	Pages = {155--162},
	Publisher = {Br Computer Soc},
	Title = {An efficient method for finding the minimum of a function of several variables without calculating derivatives},
	Volume = {7},
	Year = {1964}}

@article{2009ApJ...702.1157S,
	Adsnote = {Provided by the SAO/NASA Astrophysics Data System},
	Adsurl = {http://adsabs.harvard.edu/abs/2009ApJ...702.1157S},
	Archiveprefix = {arXiv},
	Author = {{Simon}, J.~D. and {Gal-Yam}, A. and {Gnat}, O. and {Quimby}, R.~M. and {Ganeshalingam}, M. and {Silverman}, J.~M. and {Blondin}, S. and {Li}, W. and {Filippenko}, A.~V. and {Wheeler}, J.~C. and {Kirshner}, R.~P. and {Patat}, F. and {Nugent}, P. and {Foley}, R.~J. and {Vogt}, S.~S. and {Butler}, R.~P. and {Peek}, K.~M.~G. and {Rosolowsky}, E. and {Herczeg}, G.~J. and {Sauer}, D.~N. and {Mazzali}, P.~A.},
	Date-Added = {2013-05-31 16:16:44 +0000},
	Date-Modified = {2013-05-31 16:16:44 +0000},
	Doi = {10.1088/0004-637X/702/2/1157},
	Eprint = {0907.1083},
	Journal = {\apj},
	Keywords = {circumstellar matter, supernovae: general, supernovae: individual: SN 1999cl SN 2006X SN 2007le},
	Month = sep,
	Pages = {1157-1170},
	Primaryclass = {astro-ph.HE},
	Title = {{Variable Sodium Absorption in a Low-extinction Type Ia Supernova}},
	Volume = 702,
	Year = 2009,
	Bdsk-Url-1 = {http://dx.doi.org/10.1088/0004-637X/702/2/1157}}

@article{2007Sci...317..924P,
	Adsnote = {Provided by the SAO/NASA Astrophysics Data System},
	Adsurl = {http://adsabs.harvard.edu/abs/2007Sci...317..924P},
	Author = {{Patat}, F. and {Chandra}, P. and {Chevalier}, R. and {Justham}, S. and {Podsiadlowski}, P. and {Wolf}, C. and {Gal-Yam}, A. and {Pasquini}, L. and {Crawford}, I.~A. and {Mazzali}, P.~A. and {Pauldrach}, A.~W.~A. and {Nomoto}, K. and {Benetti}, S. and {Cappellaro}, E. and {Elias-Rosa}, N. and {Hillebrandt}, W. and {Leonard}, D.~C. and {Pastorello}, A. and {Renzini}, A. and {Sabbadin}, F. and {Simon}, J.~D. and {Turatto}, M.},
	Date-Added = {2013-05-31 16:15:21 +0000},
	Date-Modified = {2013-05-31 16:15:21 +0000},
	Doi = {10.1126/science.1143005},
	Journal = {Science},
	Month = aug,
	Pages = {924},
	Title = {{Detection of Circumstellar Material in a Normal Type Ia Supernova}},
	Volume = 317,
	Year = 2007,
	Bdsk-Url-1 = {http://dx.doi.org/10.1126/science.1143005}}

@article{2012ApJ...752..101F,
	Adsnote = {Provided by the SAO/NASA Astrophysics Data System},
	Adsurl = {http://adsabs.harvard.edu/abs/2012ApJ...752..101F},
	Archiveprefix = {arXiv},
	Author = {{Foley}, R.~J. and {Simon}, J.~D. and {Burns}, C.~R. and {Gal-Yam}, A. and {Hamuy}, M. and {Kirshner}, R.~P. and {Morrell}, N.~I. and {Phillips}, M.~M. and {Shields}, G.~A. and {Sternberg}, A.},
	Date-Added = {2013-05-31 16:14:50 +0000},
	Date-Modified = {2013-05-31 16:14:50 +0000},
	Doi = {10.1088/0004-637X/752/2/101},
	Eid = {101},
	Eprint = {1203.2916},
	Journal = {\apj},
	Keywords = {distance scale, dust, extinction, supernovae: general},
	Month = jun,
	Pages = {101},
	Primaryclass = {astro-ph.SR},
	Title = {{Linking Type Ia Supernova Progenitors and Their Resulting Explosions}},
	Volume = 752,
	Year = 2012,
	Bdsk-Url-1 = {http://dx.doi.org/10.1088/0004-637X/752/2/101}}

@article{2011Sci...333..856S,
	Adsnote = {Provided by the SAO/NASA Astrophysics Data System},
	Adsurl = {http://adsabs.harvard.edu/abs/2011Sci...333..856S},
	Archiveprefix = {arXiv},
	Author = {{Sternberg}, A. and {Gal-Yam}, A. and {Simon}, J.~D. and {Leonard}, D.~C. and {Quimby}, R.~M. and {Phillips}, M.~M. and {Morrell}, N. and {Thompson}, I.~B. and {Ivans}, I. and {Marshall}, J.~L. and {Filippenko}, A.~V. and {Marcy}, G.~W. and {Bloom}, J.~S. and {Patat}, F. and {Foley}, R.~J. and {Yong}, D. and {Penprase}, B.~E. and {Beeler}, D.~J. and {Allende Prieto}, C. and {Stringfellow}, G.~S.},
	Date-Added = {2013-05-31 16:14:23 +0000},
	Date-Modified = {2013-05-31 16:14:23 +0000},
	Doi = {10.1126/science.1203836},
	Eprint = {1108.3664},
	Journal = {Science},
	Month = aug,
	Pages = {856-},
	Primaryclass = {astro-ph.HE},
	Title = {{Circumstellar Material in Type Ia Supernovae via Sodium Absorption Features}},
	Volume = 333,
	Year = 2011,
	Bdsk-Url-1 = {http://dx.doi.org/10.1126/science.1203836}}

@article{2005yCat.1297....0Z,
	Adsnote = {Provided by the SAO/NASA Astrophysics Data System},
	Adsurl = {http://adsabs.harvard.edu/abs/2005yCat.1297....0Z},
	Author = {{Zacharias}, N. and {Monet}, D.~G. and {Levine}, S.~E. and {Urban}, S.~E. and {Gaume}, R. and {Wycoff}, G.~L.},
	Date-Added = {2013-05-28 21:22:53 +0000},
	Date-Modified = {2013-05-28 21:22:53 +0000},
	Journal = {VizieR Online Data Catalog},
	Keywords = {Positional data, Proper motions, Surveys, Photometry: photographic, Photometry: infrared},
	Month = nov,
	Pages = {0},
	Title = {{NOMAD Catalog (Zacharias+ 2005)}},
	Volume = 1297,
	Year = 2005}

@article{2013ApJ...764...63B,
	Adsnote = {Provided by the SAO/NASA Astrophysics Data System},
	Adsurl = {http://adsabs.harvard.edu/abs/2013ApJ...764...63B},
	Archiveprefix = {arXiv},
	Author = {{Burkey}, M.~T. and {Reynolds}, S.~P. and {Borkowski}, K.~J. and {Blondin}, J.~M.},
	Date-Added = {2013-04-17 16:05:27 +0000},
	Date-Modified = {2013-04-17 16:05:27 +0000},
	Doi = {10.1088/0004-637X/764/1/63},
	Eid = {63},
	Eprint = {1212.4534},
	Journal = {\apj},
	Keywords = {ISM: individual objects: G4.5+6.8, ISM: supernova remnants, supernovae: general, X-rays: ISM},
	Month = feb,
	Pages = {63},
	Primaryclass = {astro-ph.GA},
	Title = {{X-Ray Emission from Strongly Asymmetric Circumstellar Material in the Remnant of Kepler's Supernova}},
	Volume = 764,
	Year = 2013,
	Bdsk-Url-1 = {http://dx.doi.org/10.1088/0004-637X/764/1/63}}

@article{2002ApJ...581.1101H,
	Adsnote = {Provided by the SAO/NASA Astrophysics Data System},
	Adsurl = {http://adsabs.harvard.edu/abs/2002ApJ...581.1101H},
	Author = {{Hwang}, U. and {Decourchelle}, A. and {Holt}, S.~S. and {Petre}, R.},
	Date-Added = {2013-04-15 16:19:42 +0000},
	Date-Modified = {2013-04-15 16:19:42 +0000},
	Doi = {10.1086/344366},
	Eprint = {arXiv:astro-ph/0208485},
	Journal = {\apj},
	Keywords = {ISM: individual (Tycho's supernova remnant), Shock Waves, ISM: Supernova Remnants, X-Rays: General, X-Rays: ISM},
	Month = dec,
	Pages = {1101-1115},
	Title = {{Thermal and Nonthermal X-Ray Emission from the Forward Shock in Tycho's Supernova Remnant}},
	Volume = 581,
	Year = 2002,
	Bdsk-Url-1 = {http://dx.doi.org/10.1086/344366}}

@article{2013arXiv1303.2691L,
	Adsnote = {Provided by the SAO/NASA Astrophysics Data System},
	Adsurl = {http://adsabs.harvard.edu/abs/2013arXiv1303.2691L},
	Archiveprefix = {arXiv},
	Author = {{Liu}, Z.-W. and {Pakmor}, R. and {Roepke}, F.~K. and {Edelmann}, P. and {Hillebrandt}, W. and {Kerzendorf}, W.~E. and {Wang}, B. and {Han}, Z.-W.},
	Date-Added = {2013-03-28 15:18:04 +0000},
	Date-Modified = {2013-03-28 15:18:04 +0000},
	Eprint = {1303.2691},
	Journal = {ArXiv e-prints},
	Keywords = {Astrophysics - Solar and Stellar Astrophysics},
	Month = mar,
	Primaryclass = {astro-ph.SR},
	Title = {{The rotation of surviving companion stars after type Ia supernova explosions in the WD+MS scenario}},
	Year = 2013}

@article{2006AJ....131.1163S,
	Adsnote = {Provided by the Smithsonian/NASA Astrophysics Data System},
	Adsurl = {http://adsabs.harvard.edu/abs/2006AJ....131.1163S},
	Author = {{Skrutskie}, M.~F. and {Cutri}, R.~M. and {Stiening}, R. and {Weinberg}, M.~D. and {Schneider}, S. and {Carpenter}, J.~M. and {Beichman}, C. and {Capps}, R. and {Chester}, T. and others},
	Date-Added = {2012-12-11 00:31:28 +0000},
	Date-Modified = {2012-12-11 00:31:28 +0000},
	Doi = {10.1086/498708},
	Journal = {\apj},
	Month = feb,
	Pages = {1163-1183},
	Title = {{The Two Micron All Sky Survey (2MASS)}},
	Volume = {131},
	Year = {2006},
	Bdsk-Url-1 = {http://dx.doi.org/10.1086/498708}}

@article{2007Ap&SS.310..255D,
	Adsnote = {Provided by the SAO/NASA Astrophysics Data System},
	Adsurl = {http://adsabs.harvard.edu/abs/2007Ap%26SS.310..255D},
	Archiveprefix = {arXiv},
	Author = {{Dopita}, M. and {Hart}, J. and {McGregor}, P. and {Oates}, P. and {Bloxham}, G. and {Jones}, D.},
	Date-Added = {2012-12-11 00:23:09 +0000},
	Date-Modified = {2012-12-11 00:23:09 +0000},
	Doi = {10.1007/s10509-007-9510-z},
	Eprint = {0705.0287},
	Journal = {\apss},
	Keywords = {Instruments: optical, Instruments: integral field unit},
	Month = aug,
	Pages = {255-268},
	Title = {{The Wide Field Spectrograph (WiFeS)}},
	Volume = 310,
	Year = 2007,
	Bdsk-Url-1 = {http://dx.doi.org/10.1007/s10509-007-9510-z}}

@article{1991ApJ...366..484B,
	Adsnote = {Provided by the SAO/NASA Astrophysics Data System},
	Adsurl = {http://adsabs.harvard.edu/abs/1991ApJ...366..484B},
	Author = {{Blair}, W.~P. and {Long}, K.~S. and {Vancura}, O.},
	Date-Added = {2012-12-10 23:53:19 +0000},
	Date-Modified = {2012-12-10 23:53:19 +0000},
	Doi = {10.1086/169583},
	Journal = {\apj},
	Keywords = {NEBULAE, SPECTROPHOTOMETRY, STELLAR SPECTRA, SUPERNOVA REMNANTS, CHARGE COUPLED DEVICES, EMISSION SPECTRA, KEPLER LAWS, LINE SPECTRA, nebulae: individual (Kepler's supernova), nebulae: internal motions, nebulae: supernova remnants, radiation mechanisms},
	Month = jan,
	Pages = {484-494},
	Title = {{A detailed optical study of Kepler's supernova remnant}},
	Volume = 366,
	Year = 1991,
	Bdsk-Url-1 = {http://dx.doi.org/10.1086/169583}}

@article{2003A&A...407..249S,
	Adsnote = {Provided by the SAO/NASA Astrophysics Data System},
	Adsurl = {http://adsabs.harvard.edu/abs/2003A%26A...407..249S},
	Author = {{Sollerman}, J. and {Ghavamian}, P. and {Lundqvist}, P. and {Smith}, R.~C.},
	Date-Added = {2012-12-10 23:52:22 +0000},
	Date-Modified = {2012-12-10 23:52:22 +0000},
	Doi = {10.1051/0004-6361:20030839},
	Eprint = {arXiv:astro-ph/0306196},
	Journal = {\aap},
	Keywords = {ISM: supernova remnants, shock waves, ISM: individual objects: SN 1006, ISM: individual objects: RCW 86, ISM: individual objects: Kepler},
	Month = aug,
	Pages = {249-257},
	Title = {{High resolution spectroscopy of Balmer-dominated shocks in the RCW 86, Kepler and SN 1006 supernova remnants}},
	Volume = 407,
	Year = 2003,
	Bdsk-Url-1 = {http://dx.doi.org/10.1051/0004-6361:20030839}}

@article{1999PASJ...51..239K,
	Adsnote = {Provided by the SAO/NASA Astrophysics Data System},
	Adsurl = {http://adsabs.harvard.edu/abs/1999PASJ...51..239K},
	Author = {{Kinugasa}, K. and {Tsunemi}, H.},
	Date-Added = {2012-12-10 23:45:29 +0000},
	Date-Modified = {2012-12-10 23:45:29 +0000},
	Journal = {\pasj},
	Keywords = {ABUNDANCES, ISM: INDIVIDUAL (KEPLER'S SUPERNOVA REMNANT), SUPERNOVAE, SUPERNOVA REMNANTS, X-RAYS: SOURCES, X-RAYS: SPECTRA},
	Month = apr,
	Pages = {239-252},
	Title = {{ASCA Observation of Kepler's Supernova Remnant}},
	Volume = 51,
	Year = 1999}

@article{2007ApJ...668L.135R,
	Adsnote = {Provided by the SAO/NASA Astrophysics Data System},
	Adsurl = {http://adsabs.harvard.edu/abs/2007ApJ...668L.135R},
	Archiveprefix = {arXiv},
	Author = {{Reynolds}, S.~P. and {Borkowski}, K.~J. and {Hwang}, U. and {Hughes}, J.~P. and {Badenes}, C. and {Laming}, J.~M. and {Blondin}, J.~M.},
	Date-Added = {2012-12-10 23:24:43 +0000},
	Date-Modified = {2012-12-10 23:24:43 +0000},
	Doi = {10.1086/522830},
	Eprint = {0708.3858},
	Journal = {\apjl},
	Keywords = {ISM: individual (G4.5+6.8 (SN 1604)), ISM: Supernova Remnants, Stars: Supernovae: General, X-Rays: ISM},
	Month = oct,
	Pages = {L135-L138},
	Title = {{A Deep Chandra Observation of Kepler's Supernova Remnant: A Type Ia Event with Circumstellar Interaction}},
	Volume = 668,
	Year = 2007,
	Bdsk-Url-1 = {http://dx.doi.org/10.1086/522830}}

@article{1999AJ....118..926R,
	Adsnote = {Provided by the SAO/NASA Astrophysics Data System},
	Adsurl = {http://adsabs.harvard.edu/abs/1999AJ....118..926R},
	Author = {{Reynoso}, E.~M. and {Goss}, W.~M.},
	Date-Added = {2012-12-10 23:04:00 +0000},
	Date-Modified = {2012-12-10 23:04:00 +0000},
	Doi = {10.1086/300990},
	Journal = {\aj},
	Keywords = {ISM: CLOUDS, ISM: H I, ISM: INDIVIDUAL (3C 358=KEPLER'S SUPERNOVA, ISM: SUPERNOVA REMNANTS, SUPERNOVAE: INDIVIDUAL (SN 1604)},
	Month = aug,
	Pages = {926-929},
	Title = {{A New Determination of the Distance to Kepler's Supernova Remnant}},
	Volume = 118,
	Year = 1999,
	Bdsk-Url-1 = {http://dx.doi.org/10.1086/300990}}

@article{2012arXiv1210.2713K,
	Adsnote = {Provided by the SAO/NASA Astrophysics Data System},
	Adsurl = {http://adsabs.harvard.edu/abs/2012arXiv1210.2713K},
	Archiveprefix = {arXiv},
	Author = {{Kerzendorf}, W.~E. and {Yong}, D. and {Schmidt}, B.~P. and {Simon}, J.~D. and {Jeffery}, C.~S. and {Anderson}, J. and {Podsiadlowski}, P. and {Gal-Yam}, A. and {Silverman}, J.~M. and {Filippenko}, A.~V. and {Nomoto}, K. and {Murphy}, S.~J. and {Bessell}, M.~S. and {Venn}, K.~A. and {Foley}, R.~J.},
	Date-Added = {2012-12-10 22:43:51 +0000},
	Date-Modified = {2012-12-10 22:43:51 +0000},
	Eprint = {1210.2713},
	Journal = {ArXiv e-prints},
	Keywords = {Astrophysics - Solar and Stellar Astrophysics},
	Month = oct,
	Primaryclass = {astro-ph.SR},
	Title = {{A High-Resolution Spectroscopic Search for the Remaining Donor for Tycho's Supernova}},
	Year = 2012}

@article{2009ApJ...691....1G,
	Adsnote = {Provided by the SAO/NASA Astrophysics Data System},
	Adsurl = {http://adsabs.harvard.edu/abs/2009ApJ...691....1G},
	Archiveprefix = {arXiv},
	Author = {{Gonz{\'a}lez Hern{\'a}ndez}, J.~I. and {Ruiz-Lapuente}, P. and {Filippenko}, A.~V. and {Foley}, R.~J. and {Gal-Yam}, A. and {Simon}, J.~D.},
	Date-Added = {2012-12-10 22:41:21 +0000},
	Date-Modified = {2012-12-10 22:41:21 +0000},
	Doi = {10.1088/0004-637X/691/1/1},
	Eprint = {0809.0601},
	Journal = {\apj},
	Keywords = {stars: abundances, stars: evolution, supernovae: general},
	Month = jan,
	Pages = {1-15},
	Title = {{The Chemical Abundances of Tycho G in Supernova Remnant 1572}},
	Volume = 691,
	Year = 2009,
	Bdsk-Url-1 = {http://dx.doi.org/10.1088/0004-637X/691/1/1}}

@article{2004Natur.431.1069R,
	Adsnote = {Provided by the Smithsonian/NASA Astrophysics Data System},
	Adsurl = {http://adsabs.harvard.edu/cgi-bin/nph-bib_query?bibcode=2004Natur.431.1069R&db_key=AST},
	Author = {{Ruiz-Lapuente}, P. and {Comeron}, F. and {M{\'e}ndez}, J. and {Canal}, R. and {Smartt}, S.~J. and {Filippenko}, A.~V. and {Kurucz}, R.~L. and {Chornock}, R. and {Foley}, R.~J. and {Stanishev}, V. and {Ibata}, R.},
	Date-Added = {2012-12-10 22:40:44 +0000},
	Date-Modified = {2012-12-10 22:40:44 +0000},
	Doi = {10.1038/nature03006},
	Journal = {\nat},
	Month = oct,
	Pages = {1069-1072},
	Title = {{The binary progenitor of Tycho Brahe's 1572 supernova}},
	Volume = {431},
	Year = {2004},
	Bdsk-Url-1 = {http://dx.doi.org/10.1038/nature03006}}

@article{2012NewAR..56..122W,
	Adsnote = {Provided by the SAO/NASA Astrophysics Data System},
	Adsurl = {http://adsabs.harvard.edu/abs/2012NewAR..56..122W},
	Archiveprefix = {arXiv},
	Author = {{Wang}, B. and {Han}, Z.},
	Date-Added = {2012-12-10 22:36:45 +0000},
	Date-Modified = {2012-12-10 22:36:45 +0000},
	Doi = {10.1016/j.newar.2012.04.001},
	Eprint = {1204.1155},
	Journal = {\nar},
	Month = jun,
	Pages = {122-141},
	Primaryclass = {astro-ph.SR},
	Title = {{Progenitors of type Ia supernovae}},
	Volume = 56,
	Year = 2012,
	Bdsk-Url-1 = {http://dx.doi.org/10.1016/j.newar.2012.04.001}}

@article{2008ApJ...677L.109H,
	Adsnote = {Provided by the SAO/NASA Astrophysics Data System},
	Adsurl = {http://adsabs.harvard.edu/abs/2008ApJ...677L.109H},
	Archiveprefix = {arXiv},
	Author = {{Han}, Z.},
	Date-Added = {2012-12-10 22:23:47 +0000},
	Date-Modified = {2012-12-10 22:23:47 +0000},
	Doi = {10.1086/588191},
	Eprint = {0803.1986},
	Journal = {\apjl},
	Keywords = {Stars: Binaries: Close, Stars: Evolution, Stars: Supernovae: General, Stars: White Dwarfs},
	Month = apr,
	Pages = {L109-L112},
	Title = {{Companion Stars of Type Ia Supernovae}},
	Volume = 677,
	Year = 2008,
	Bdsk-Url-1 = {http://dx.doi.org/10.1086/588191}}

@article{2000ApJS..128..615M,
	Adsnote = {Provided by the Smithsonian/NASA Astrophysics Data System},
	Adsurl = {http://adsabs.harvard.edu/cgi-bin/nph-bib_query?bibcode=2000ApJS..128..615M&db_key=AST},
	Author = {{Marietta}, E. and {Burrows}, A. and {Fryxell}, B.},
	Date-Added = {2012-12-10 22:21:32 +0000},
	Date-Modified = {2012-12-10 22:21:32 +0000},
	Doi = {10.1086/313392},
	Journal = {\apjs},
	Month = jun,
	Pages = {615-650},
	Title = {{Type IA Supernova Explosions in Binary Systems: The Impact on the Secondary Star and Its Consequences}},
	Volume = {128},
	Year = {2000},
	Bdsk-Url-1 = {http://dx.doi.org/10.1086/313392}}

@article{1983MNRAS.204..273L,
	Adsnote = {Provided by the SAO/NASA Astrophysics Data System},
	Adsurl = {http://adsabs.harvard.edu/abs/1983MNRAS.204..273L},
	Author = {{Leibowitz}, E.~M. and {Danziger}, I.~J.},
	Date-Added = {2012-12-07 23:22:06 +0000},
	Date-Modified = {2012-12-07 23:22:06 +0000},
	Journal = {\mnras},
	Keywords = {ABUNDANCE, EMISSION SPECTRA, INTERSTELLAR EXTINCTION, MILKY WAY GALAXY, SPECTROPHOTOMETRY, SUPERNOVA REMNANTS, ELECTRON DENSITY (CONCENTRATION), FORBIDDEN BANDS, H LINES, LINE SHAPE, SHOCK HEATING, SPECTRAL LINE WIDTH},
	Month = jul,
	Pages = {273-287},
	Title = {{Spectrophotometry in the galactic supernova remnants RCW 86, 103 and Kepler}},
	Volume = 204,
	Year = 1983}

@article{2011ApJ...741...96W,
	Adsnote = {Provided by the SAO/NASA Astrophysics Data System},
	Adsurl = {http://adsabs.harvard.edu/abs/2011ApJ...741...96W},
	Archiveprefix = {arXiv},
	Author = {{Williams}, B.~J. and {Blair}, W.~P. and {Blondin}, J.~M. and {Borkowski}, K.~J. and {Ghavamian}, P. and {Long}, K.~S. and {Raymond}, J.~C. and {Reynolds}, S.~P. and {Rho}, J. and {Winkler}, P.~F.},
	Date-Added = {2012-12-07 23:14:52 +0000},
	Date-Modified = {2012-12-07 23:14:52 +0000},
	Doi = {10.1088/0004-637X/741/2/96},
	Eid = {96},
	Eprint = {1108.1207},
	Journal = {\apj},
	Keywords = {cosmic rays, dust, extinction, ISM: supernova remnants},
	Month = nov,
	Pages = {96},
	Primaryclass = {astro-ph.GA},
	Title = {{RCW 86: A Type Ia Supernova in a Wind-blown Bubble}},
	Volume = 741,
	Year = 2011,
	Bdsk-Url-1 = {http://dx.doi.org/10.1088/0004-637X/741/2/96}}

@article{2012ApJ...758..123W,
	Adsnote = {Provided by the SAO/NASA Astrophysics Data System},
	Adsurl = {http://adsabs.harvard.edu/abs/2012ApJ...758..123W},
	Archiveprefix = {arXiv},
	Author = {{Wheeler}, J.~C.},
	Date-Added = {2012-12-07 23:05:59 +0000},
	Date-Modified = {2012-12-07 23:05:59 +0000},
	Doi = {10.1088/0004-637X/758/2/123},
	Eid = {123},
	Eprint = {1209.1021},
	Journal = {\apj},
	Keywords = {novae, cataclysmic variables, stars: low-mass, stars: magnetic field, supernovae: general, white dwarfs},
	Month = oct,
	Pages = {123},
	Primaryclass = {astro-ph.SR},
	Title = {{White Dwarf/M Dwarf Binaries as Single Degenerate Progenitors of Type Ia Supernovae}},
	Volume = 758,
	Year = 2012,
	Bdsk-Url-1 = {http://dx.doi.org/10.1088/0004-637X/758/2/123}}

@article{2012ApJ...756L...4H,
	Adsnote = {Provided by the SAO/NASA Astrophysics Data System},
	Adsurl = {http://adsabs.harvard.edu/abs/2012ApJ...756L...4H},
	Archiveprefix = {arXiv},
	Author = {{Hachisu}, I. and {Kato}, M. and {Nomoto}, K.},
	Date-Added = {2012-12-07 23:05:12 +0000},
	Date-Modified = {2012-12-07 23:05:12 +0000},
	Doi = {10.1088/2041-8205/756/1/L4},
	Eid = {L4},
	Eprint = {1207.2261},
	Journal = {\apjl},
	Keywords = {binaries: close, stars: winds, outflows, supernovae: general, supernovae: individual: SN 2011fe},
	Month = sep,
	Pages = {L4},
	Primaryclass = {astro-ph.SR},
	Title = {{Final Fates of Rotating White Dwarfs and Their Companions in the Single Degenerate Model of Type Ia Supernovae}},
	Volume = 756,
	Year = 2012,
	Bdsk-Url-1 = {http://dx.doi.org/10.1088/2041-8205/756/1/L4}}

@article{2012ApJ...744...69H,
	Adsnote = {Provided by the SAO/NASA Astrophysics Data System},
	Adsurl = {http://adsabs.harvard.edu/abs/2012ApJ...744...69H},
	Archiveprefix = {arXiv},
	Author = {{Hachisu}, I. and {Kato}, M. and {Saio}, H. and {Nomoto}, K.},
	Date-Added = {2012-12-07 23:04:51 +0000},
	Date-Modified = {2012-12-07 23:04:51 +0000},
	Doi = {10.1088/0004-637X/744/1/69},
	Eid = {69},
	Eprint = {1106.3510},
	Journal = {\apj},
	Keywords = {binaries: close, stars: winds, outflows, supernovae: individual: SN 2003fg SN 2007if SN 2009dc, white dwarfs},
	Month = jan,
	Pages = {69},
	Primaryclass = {astro-ph.SR},
	Title = {{A Single Degenerate Progenitor Model for Type Ia Supernovae Highly Exceeding the Chandrasekhar Mass Limit}},
	Volume = 744,
	Year = 2012,
	Bdsk-Url-1 = {http://dx.doi.org/10.1088/0004-637X/744/1/69}}

@article{2011ApJ...730L..34J,
	Adsnote = {Provided by the SAO/NASA Astrophysics Data System},
	Adsurl = {http://adsabs.harvard.edu/abs/2011ApJ...730L..34J},
	Archiveprefix = {arXiv},
	Author = {{Justham}, S.},
	Date-Added = {2012-12-07 23:00:25 +0000},
	Date-Modified = {2012-12-07 23:00:25 +0000},
	Doi = {10.1088/2041-8205/730/2/L34},
	Eid = {L34},
	Eprint = {1102.4913},
	Journal = {\apjl},
	Keywords = {binaries: close, supernovae: general, white dwarfs},
	Month = apr,
	Pages = {L34},
	Primaryclass = {astro-ph.SR},
	Title = {{Single-degenerate Type Ia Supernovae Without Hydrogen Contamination}},
	Volume = 730,
	Year = 2011,
	Bdsk-Url-1 = {http://dx.doi.org/10.1088/2041-8205/730/2/L34}}

@article{2011ApJ...738L...1D,
	Adsnote = {Provided by the SAO/NASA Astrophysics Data System},
	Adsurl = {http://adsabs.harvard.edu/abs/2011ApJ...738L...1D},
	Archiveprefix = {arXiv},
	Author = {{Di Stefano}, R. and {Voss}, R. and {Claeys}, J.~S.~W.},
	Date-Added = {2012-12-07 22:59:09 +0000},
	Date-Modified = {2012-12-07 22:59:09 +0000},
	Doi = {10.1088/2041-8205/738/1/L1},
	Eid = {L1},
	Eprint = {1102.4342},
	Journal = {\apjl},
	Keywords = {accretion, accretion disks, cosmological parameters, dark energy, supernovae: general, white dwarfs},
	Month = sep,
	Pages = {L1},
	Primaryclass = {astro-ph.HE},
	Title = {{Spin-up/Spin-down Models for Type Ia Supernovae}},
	Volume = 738,
	Year = 2011,
	Bdsk-Url-1 = {http://dx.doi.org/10.1088/2041-8205/738/1/L1}}

@article{2012Natur.481..164S,
	Adsnote = {Provided by the SAO/NASA Astrophysics Data System},
	Adsurl = {http://adsabs.harvard.edu/abs/2012Natur.481..164S},
	Author = {{Schaefer}, B.~E. and {Pagnotta}, A.},
	Date-Added = {2012-12-07 22:45:29 +0000},
	Date-Modified = {2012-12-07 22:45:29 +0000},
	Doi = {10.1038/nature10692},
	Journal = {\nat},
	Month = jan,
	Pages = {164-166},
	Title = {{An absence of ex-companion stars in the type Ia supernova remnant SNR 0509-67.5}},
	Volume = 481,
	Year = 2012,
	Bdsk-Url-1 = {http://dx.doi.org/10.1038/nature10692}}

@article{2012ApJ...747L..19E,
	Adsnote = {Provided by the SAO/NASA Astrophysics Data System},
	Adsurl = {http://adsabs.harvard.edu/abs/2012ApJ...747L..19E},
	Archiveprefix = {arXiv},
	Author = {{Edwards}, Z.~I. and {Pagnotta}, A. and {Schaefer}, B.~E.},
	Date-Added = {2012-12-07 22:43:04 +0000},
	Date-Modified = {2012-12-07 22:43:04 +0000},
	Doi = {10.1088/2041-8205/747/2/L19},
	Eid = {L19},
	Eprint = {1201.6377},
	Journal = {\apjl},
	Keywords = {ISM: supernova remnants, supernovae: general},
	Month = mar,
	Pages = {L19},
	Primaryclass = {astro-ph.SR},
	Title = {{The Progenitor of the Type Ia Supernova that Created SNR 0519-69.0 in the Large Magellanic Cloud}},
	Volume = 747,
	Year = 2012,
	Bdsk-Url-1 = {http://dx.doi.org/10.1088/2041-8205/747/2/L19}}

@article{2012Natur.489..533G,
	Adsnote = {Provided by the SAO/NASA Astrophysics Data System},
	Adsurl = {http://adsabs.harvard.edu/abs/2012Natur.489..533G},
	Archiveprefix = {arXiv},
	Author = {{Gonz{\'a}lez Hern{\'a}ndez}, J.~I. and {Ruiz-Lapuente}, P. and {Tabernero}, H.~M. and {Montes}, D. and {Canal}, R. and {M{\'e}ndez}, J. and {Bedin}, L.~R.},
	Date-Added = {2012-12-07 22:32:02 +0000},
	Date-Modified = {2012-12-07 22:32:02 +0000},
	Doi = {10.1038/nature11447},
	Eprint = {1210.1948},
	Journal = {\nat},
	Month = sep,
	Pages = {533-536},
	Primaryclass = {astro-ph.GA},
	Title = {{No surviving evolved companions of the progenitor of SN1006}},
	Volume = 489,
	Year = 2012,
	Bdsk-Url-1 = {http://dx.doi.org/10.1038/nature11447}}

@article{2012ApJ...750..151P,
	Adsnote = {Provided by the SAO/NASA Astrophysics Data System},
	Adsurl = {http://adsabs.harvard.edu/abs/2012ApJ...750..151P},
	Archiveprefix = {arXiv},
	Author = {{Pan}, K.-C. and {Ricker}, P.~M. and {Taam}, R.~E.},
	Date-Added = {2012-12-07 22:16:46 +0000},
	Date-Modified = {2012-12-07 22:16:46 +0000},
	Doi = {10.1088/0004-637X/750/2/151},
	Eid = {151},
	Eprint = {1203.1932},
	Journal = {\apj},
	Keywords = {binaries: close, methods: numerical, supernovae: general},
	Month = may,
	Pages = {151},
	Primaryclass = {astro-ph.HE},
	Title = {{Impact of Type Ia Supernova Ejecta on Binary Companions in the Single-degenerate Scenario}},
	Volume = 750,
	Year = 2012,
	Bdsk-Url-1 = {http://dx.doi.org/10.1088/0004-637X/750/2/151}}

@article{2009ApJ...701.1665K,
	Adsnote = {Provided by the SAO/NASA Astrophysics Data System},
	Adsurl = {http://adsabs.harvard.edu/abs/2009ApJ...701.1665K},
	Archiveprefix = {arXiv},
	Author = {{Kerzendorf}, W.~E. and {Schmidt}, B.~P. and {Asplund}, M. and {Nomoto}, K. and {Podsiadlowski}, P. and {Frebel}, A. and {Fesen}, R.~A. and {Yong}, D.},
	Date-Added = {2012-12-07 22:07:29 +0000},
	Date-Modified = {2012-12-07 22:07:29 +0000},
	Doi = {10.1088/0004-637X/701/2/1665},
	Eprint = {0906.0982},
	Journal = {\apj},
	Keywords = {astrometry, binaries: close, supernova remnants, supernovae: general, techniques: spectroscopic},
	Month = aug,
	Pages = {1665-1672},
	Primaryclass = {astro-ph.SR},
	Title = {{Subaru High-Resolution Spectroscopy of Star G in the Tycho Supernova Remnant}},
	Volume = 701,
	Year = 2009,
	Bdsk-Url-1 = {http://dx.doi.org/10.1088/0004-637X/701/2/1665}}

@article{2012A&A...537A.139C,
	Adsnote = {Provided by the SAO/NASA Astrophysics Data System},
	Adsurl = {http://adsabs.harvard.edu/abs/2012A%26A...537A.139C},
	Archiveprefix = {arXiv},
	Author = {{Chiotellis}, A. and {Schure}, K.~M. and {Vink}, J.},
	Date-Added = {2012-12-07 21:20:57 +0000},
	Date-Modified = {2012-12-07 21:20:57 +0000},
	Doi = {10.1051/0004-6361/201014754},
	Eid = {A139},
	Eprint = {1103.5487},
	Journal = {\aap},
	Keywords = {ISM: supernova remnants, hydrodynamics, binaries: symbiotic, supernovae: individual: SN1604},
	Month = jan,
	Pages = {A139},
	Primaryclass = {astro-ph.GA},
	Title = {{The imprint of a symbiotic binary progenitor on the properties of Kepler's supernova remnant}},
	Volume = 537,
	Year = 2012,
	Bdsk-Url-1 = {http://dx.doi.org/10.1051/0004-6361/201014754}}

@article{2012ApJ...760...21P,
	Adsnote = {Provided by the SAO/NASA Astrophysics Data System},
	Adsurl = {http://adsabs.harvard.edu/abs/2012ApJ...760...21P},
	Archiveprefix = {arXiv},
	Author = {{Pan}, K.-C. and {Ricker}, P.~M. and {Taam}, R.~E.},
	Date-Added = {2012-12-07 20:56:48 +0000},
	Date-Modified = {2012-12-07 20:56:48 +0000},
	Doi = {10.1088/0004-637X/760/1/21},
	Eid = {21},
	Eprint = {1210.0170},
	Journal = {\apj},
	Keywords = {binaries: close, methods: numerical, stars: evolution, supernovae: general, supernovae: individual: Tycho's SN},
	Month = nov,
	Pages = {21},
	Primaryclass = {astro-ph.HE},
	Title = {{Evolution of Post-impact Companion Stars in SN Ia Remnants within the Single-degenerate Scenario}},
	Volume = 760,
	Year = 2012,
	Bdsk-Url-1 = {http://dx.doi.org/10.1088/0004-637X/760/1/21}}

@article{2012arXiv1205.5028S,
	Adsnote = {Provided by the SAO/NASA Astrophysics Data System},
	Adsurl = {http://adsabs.harvard.edu/abs/2012arXiv1205.5028S},
	Archiveprefix = {arXiv},
	Author = {{Shappee}, B.~J. and {Kochanek}, C.~S. and {Stanek}, K.~Z.},
	Date-Added = {2012-12-07 20:55:56 +0000},
	Date-Modified = {2012-12-07 20:55:56 +0000},
	Eprint = {1205.5028},
	Journal = {ArXiv e-prints},
	Keywords = {Astrophysics - Solar and Stellar Astrophysics, Astrophysics - Cosmology and Extragalactic Astrophysics},
	Month = may,
	Primaryclass = {astro-ph.SR},
	Title = {{Type Ia Single Degenerate Survivors Must Be Overluminous}},
	Year = 2012}

@article{2003A&A...409..523R,
	Adsnote = {Provided by the SAO/NASA Astrophysics Data System},
	Adsurl = {http://adsabs.harvard.edu/abs/2003A%26A...409..523R},
	Author = {{Robin}, A.~C. and {Reyl{\'e}}, C. and {Derri{\`e}re}, S. and {Picaud}, S.},
	Date-Added = {2012-12-04 23:49:27 +0000},
	Date-Modified = {2012-12-04 23:49:27 +0000},
	Doi = {10.1051/0004-6361:20031117},
	Journal = {\aap},
	Keywords = {Galaxy: stellar content, Galaxy: general, Galaxy: evolution, Galaxy: kinematics and dynamics, Galaxy: structure},
	Month = oct,
	Pages = {523-540},
	Title = {{A synthetic view on structure and evolution of the Milky Way}},
	Volume = 409,
	Year = 2003,
	Bdsk-Url-1 = {http://dx.doi.org/10.1051/0004-6361:20031117}}

@misc{Jones:2001fk,
	Author = {Eric Jones and Travis Oliphant and Pearu Peterson and others},
	Date-Added = {2012-12-04 23:03:57 +0000},
	Date-Modified = {2012-12-04 23:03:57 +0000},
	Title = {{SciPy}: Open source scientific tools for {Python}},
	Url = {http://www.scipy.org/},
	Year = {2001--},
	Bdsk-Url-1 = {http://www.scipy.org/}}

@article{2000PASP..112.1383D,
	Adsnote = {Provided by the SAO/NASA Astrophysics Data System},
	Adsurl = {http://adsabs.harvard.edu/abs/2000PASP..112.1383D},
	Author = {{Dolphin}, A.~E.},
	Date-Added = {2012-12-04 21:01:06 +0000},
	Date-Modified = {2012-12-04 21:01:06 +0000},
	Doi = {10.1086/316630},
	Eprint = {arXiv:astro-ph/0006217},
	Journal = {\pasp},
	Keywords = {Techniques: Photometric},
	Month = oct,
	Pages = {1383-1396},
	Title = {{WFPC2 Stellar Photometry with HSTPHOT}},
	Volume = 112,
	Year = 2000,
	Bdsk-Url-1 = {http://dx.doi.org/10.1086/316630}}

@article{2012ApJ...759....7K,
	Adsnote = {Provided by the SAO/NASA Astrophysics Data System},
	Adsurl = {http://adsabs.harvard.edu/abs/2012ApJ...759....7K},
	Archiveprefix = {arXiv},
	Author = {{Kerzendorf}, W.~E. and {Schmidt}, B.~P. and {Laird}, J.~B. and {Podsiadlowski}, P. and {Bessell}, M.~S.},
	Date-Added = {2012-11-22 20:29:47 +0000},
	Date-Modified = {2012-11-22 20:29:47 +0000},
	Doi = {10.1088/0004-637X/759/1/7},
	Eid = {7},
	Eprint = {1207.4481},
	Journal = {\apj},
	Keywords = {binaries: symbiotic, stars: abundances, supernovae: individual: SN 1006},
	Month = nov,
	Pages = {7},
	Primaryclass = {astro-ph.SR},
	Title = {{Hunting for the Progenitor of SN 1006: High-resolution Spectroscopic Search with the FLAMES Instrument}},
	Volume = 759,
	Year = 2012,
	Bdsk-Url-1 = {http://dx.doi.org/10.1088/0004-637X/759/1/7}}

@article{2008ApJ...689..225K,
	Adsnote = {Provided by the SAO/NASA Astrophysics Data System},
	Adsurl = {http://adsabs.harvard.edu/abs/2008ApJ...689..225K},
	Archiveprefix = {arXiv},
	Author = {{Katsuda}, S. and {Tsunemi}, H. and {Uchida}, H. and {Kimura}, M.},
	Date-Added = {2012-11-22 19:35:02 +0000},
	Date-Modified = {2012-11-22 19:35:02 +0000},
	Doi = {10.1086/592376},
	Eprint = {0812.0339},
	Journal = {\apj},
	Keywords = {ISM: individual (Kepler's Supernova), Shock Waves, ISM: Supernova Remnants, X-Rays: ISM},
	Month = dec,
	Pages = {225-230},
	Title = {{Forward Shock Proper Motions of Kepler's Supernova Remnant}},
	Volume = 689,
	Year = 2008,
	Bdsk-Url-1 = {http://dx.doi.org/10.1086/592376}}
